<record xmlns="http://www.loc.gov/MARC21/slim" xmlns:xsi="http://www.w3.org/2001/XMLSchema-instance" xsi:schemaLocation="http://www.loc.gov/MARC21/slim http://www.loc.gov/standards/marcxml/schema/MARC21slim.xsd"><leader>00000nz   2200000n  4500</leader><controlfield tag="001">DNB|102410186</controlfield><controlfield tag="003">DNB</controlfield><controlfield tag="005">20061124161558.0</controlfield><controlfield tag="008">930416|||azznnaa|||||||||||| a|aaa|||| d</controlfield><datafield ind1="7" ind2=" " tag="016"><subfield code="a">102410186</subfield><subfield code="2">GyFmDB</subfield></datafield><datafield ind1=" " ind2=" " tag="035"><subfield code="a">(SWD)4723417-9</subfield></datafield><datafield ind1=" " ind2=" " tag="040"><subfield code="a">0000</subfield><subfield code="b">ger</subfield><subfield code="d">9999</subfield><subfield code="f">RAK-PND</subfield></datafield><datafield ind1=" " ind2=" " tag="043"><subfield code="a">XT---</subfield><subfield code="2">SWD-ISO3166</subfield></datafield><datafield ind1=" " ind2=" " tag="065"><subfield code="a">12.2p</subfield><subfield code="5">SWD</subfield></datafield><datafield ind1="0" ind2=" " tag="100"><subfield code="a">Zosimus,</subfield><subfield code="c">Epigrammaticus</subfield><subfield code="d">3./4. Jh. n. Chr.</subfield></datafield><datafield ind1="0" ind2=" " tag="400"><subfield code="a">Zosimus,</subfield><subfield code="c">Epigrammatico</subfield><subfield code="d">3./4. Jh. n. Chr.</subfield></datafield><datafield ind1=" " ind2=" " tag="670"><subfield code="a">DOC,2,1817</subfield></datafield><datafield ind1=" " ind2=" " tag="678"><subfield code="a">App. Anth. 2.497-498; Epigramma; Röm. Epigrammatiker</subfield></datafield></record>